%YAML 1.1
%TAG !u! tag:unity3d.com,2011:
--- !u!114 &-8178974432754860748
MonoBehaviour:
  m_ObjectHideFlags: 0
  m_CorrespondingSourceObject: {fileID: 0}
  m_PrefabInstance: {fileID: 0}
  m_PrefabAsset: {fileID: 0}
  m_GameObject: {fileID: 0}
  m_Enabled: 1
  m_EditorHideFlags: 0
  m_Script: {fileID: 11500000, guid: a95b484a8aedec64eaf7bb41c95f95f4, type: 3}
  m_Name: Blood
  m_EditorClassIdentifier: 
  m_value: 0
  m_contextType: 0
  m_parent: {fileID: 0}
--- !u!114 &-7577263393617206877
MonoBehaviour:
  m_ObjectHideFlags: 0
  m_CorrespondingSourceObject: {fileID: 0}
  m_PrefabInstance: {fileID: 0}
  m_PrefabAsset: {fileID: 0}
  m_GameObject: {fileID: 0}
  m_Enabled: 1
  m_EditorHideFlags: 0
  m_Script: {fileID: 11500000, guid: 2d995644ca513f74dbfe1374bbe931e3, type: 3}
  m_Name: ItemL
  m_EditorClassIdentifier: 
  m_value: {fileID: 0}
  m_contextType: 0
  m_parent: {fileID: 0}
--- !u!114 &-7495025517526000791
MonoBehaviour:
  m_ObjectHideFlags: 0
  m_CorrespondingSourceObject: {fileID: 0}
  m_PrefabInstance: {fileID: 0}
  m_PrefabAsset: {fileID: 0}
  m_GameObject: {fileID: 0}
  m_Enabled: 1
  m_EditorHideFlags: 0
  m_Script: {fileID: 11500000, guid: 2d995644ca513f74dbfe1374bbe931e3, type: 3}
  m_Name: PlayerLogic
  m_EditorClassIdentifier: 
  m_value: {fileID: 0}
  m_contextType: 0
  m_parent: {fileID: 0}
--- !u!114 &-7135003969113308281
MonoBehaviour:
  m_ObjectHideFlags: 0
  m_CorrespondingSourceObject: {fileID: 0}
  m_PrefabInstance: {fileID: 0}
  m_PrefabAsset: {fileID: 0}
  m_GameObject: {fileID: 0}
  m_Enabled: 1
  m_EditorHideFlags: 0
  m_Script: {fileID: 11500000, guid: 8daf7239b3b3fea48b7eecd12f2d7871, type: 3}
  m_Name: DashDone
  m_EditorClassIdentifier: 
  m_value: 0
  m_contextType: 0
  m_parent: {fileID: 0}
--- !u!114 &-3462297846478693982
MonoBehaviour:
  m_ObjectHideFlags: 0
  m_CorrespondingSourceObject: {fileID: 0}
  m_PrefabInstance: {fileID: 0}
  m_PrefabAsset: {fileID: 0}
  m_GameObject: {fileID: 0}
  m_Enabled: 1
  m_EditorHideFlags: 0
  m_Script: {fileID: 11500000, guid: 2d995644ca513f74dbfe1374bbe931e3, type: 3}
  m_Name: Control
  m_EditorClassIdentifier: 
  m_value: {fileID: 0}
  m_contextType: 0
  m_parent: {fileID: 0}
--- !u!114 &-3326452754895890209
MonoBehaviour:
  m_ObjectHideFlags: 0
  m_CorrespondingSourceObject: {fileID: 0}
  m_PrefabInstance: {fileID: 0}
  m_PrefabAsset: {fileID: 0}
  m_GameObject: {fileID: 0}
  m_Enabled: 1
  m_EditorHideFlags: 0
  m_Script: {fileID: 11500000, guid: 8daf7239b3b3fea48b7eecd12f2d7871, type: 3}
  m_Name: IsSwitchingR
  m_EditorClassIdentifier: 
  m_value: 0
  m_contextType: 0
  m_parent: {fileID: 0}
--- !u!114 &-1970098545680492213
MonoBehaviour:
  m_ObjectHideFlags: 0
  m_CorrespondingSourceObject: {fileID: 0}
  m_PrefabInstance: {fileID: 0}
  m_PrefabAsset: {fileID: 0}
  m_GameObject: {fileID: 0}
  m_Enabled: 1
  m_EditorHideFlags: 0
  m_Script: {fileID: 11500000, guid: 2d995644ca513f74dbfe1374bbe931e3, type: 3}
  m_Name: ItemR
  m_EditorClassIdentifier: 
  m_value: {fileID: 0}
  m_contextType: 0
  m_parent: {fileID: 0}
--- !u!114 &-1475507235939141833
MonoBehaviour:
  m_ObjectHideFlags: 0
  m_CorrespondingSourceObject: {fileID: 0}
  m_PrefabInstance: {fileID: 0}
  m_PrefabAsset: {fileID: 0}
  m_GameObject: {fileID: 0}
  m_Enabled: 1
  m_EditorHideFlags: 0
  m_Script: {fileID: 11500000, guid: 2d995644ca513f74dbfe1374bbe931e3, type: 3}
  m_Name: Animator
  m_EditorClassIdentifier: 
  m_value: {fileID: 0}
  m_contextType: 0
  m_parent: {fileID: 0}
--- !u!114 &-304942860550434466
MonoBehaviour:
  m_ObjectHideFlags: 0
  m_CorrespondingSourceObject: {fileID: 0}
  m_PrefabInstance: {fileID: 0}
  m_PrefabAsset: {fileID: 0}
  m_GameObject: {fileID: 0}
  m_Enabled: 1
  m_EditorHideFlags: 0
  m_Script: {fileID: 11500000, guid: a95b484a8aedec64eaf7bb41c95f95f4, type: 3}
  m_Name: BigStamina
  m_EditorClassIdentifier: 
  m_value: 0
  m_contextType: 0
  m_parent: {fileID: 0}
--- !u!114 &11400000
MonoBehaviour:
  m_ObjectHideFlags: 0
  m_CorrespondingSourceObject: {fileID: 0}
  m_PrefabInstance: {fileID: 0}
  m_PrefabAsset: {fileID: 0}
  m_GameObject: {fileID: 0}
  m_Enabled: 1
  m_EditorHideFlags: 0
  m_Script: {fileID: 11500000, guid: 2f145690ff61e014aab6295703d75cb1, type: 3}
  m_Name: PlayerVariables
  m_EditorClassIdentifier: 
  m_variables:
  - {fileID: -1475507235939141833}
  - {fileID: -304942860550434466}
  - {fileID: -8178974432754860748}
  - {fileID: -3462297846478693982}
  - {fileID: 3755110544019474425}
  - {fileID: 2115357405114822321}
  - {fileID: -3326452754895890209}
  - {fileID: -7577263393617206877}
  - {fileID: -1970098545680492213}
  - {fileID: 90552370195225073}
  - {fileID: -7495025517526000791}
  - {fileID: 5013071189929490356}
  - {fileID: 2658886536219553097}
  - {fileID: -7135003969113308281}
--- !u!114 &90552370195225073
MonoBehaviour:
  m_ObjectHideFlags: 0
  m_CorrespondingSourceObject: {fileID: 0}
  m_PrefabInstance: {fileID: 0}
  m_PrefabAsset: {fileID: 0}
  m_GameObject: {fileID: 0}
  m_Enabled: 1
  m_EditorHideFlags: 0
  m_Script: {fileID: 11500000, guid: 2d995644ca513f74dbfe1374bbe931e3, type: 3}
  m_Name: NextItem
  m_EditorClassIdentifier: 
  m_value: {fileID: 0}
  m_contextType: 0
  m_parent: {fileID: 0}
--- !u!114 &2115357405114822321
MonoBehaviour:
  m_ObjectHideFlags: 0
  m_CorrespondingSourceObject: {fileID: 0}
  m_PrefabInstance: {fileID: 0}
  m_PrefabAsset: {fileID: 0}
  m_GameObject: {fileID: 0}
  m_Enabled: 1
  m_EditorHideFlags: 0
  m_Script: {fileID: 11500000, guid: 8daf7239b3b3fea48b7eecd12f2d7871, type: 3}
  m_Name: IsSwitchingL
  m_EditorClassIdentifier: 
  m_value: 0
  m_contextType: 0
  m_parent: {fileID: 0}
--- !u!114 &2658886536219553097
MonoBehaviour:
  m_ObjectHideFlags: 0
  m_CorrespondingSourceObject: {fileID: 0}
  m_PrefabInstance: {fileID: 0}
  m_PrefabAsset: {fileID: 0}
  m_GameObject: {fileID: 0}
  m_Enabled: 1
  m_EditorHideFlags: 0
  m_Script: {fileID: 11500000, guid: a95b484a8aedec64eaf7bb41c95f95f4, type: 3}
  m_Name: SmallStamina
  m_EditorClassIdentifier: 
  m_value: 0
  m_contextType: 0
  m_parent: {fileID: 0}
--- !u!114 &3755110544019474425
MonoBehaviour:
  m_ObjectHideFlags: 0
  m_CorrespondingSourceObject: {fileID: 0}
  m_PrefabInstance: {fileID: 0}
  m_PrefabAsset: {fileID: 0}
  m_GameObject: {fileID: 0}
  m_Enabled: 1
  m_EditorHideFlags: 0
  m_Script: {fileID: 11500000, guid: a95b484a8aedec64eaf7bb41c95f95f4, type: 3}
  m_Name: Food
  m_EditorClassIdentifier: 
  m_value: 0
  m_contextType: 0
  m_parent: {fileID: 0}
--- !u!114 &5013071189929490356
MonoBehaviour:
  m_ObjectHideFlags: 0
  m_CorrespondingSourceObject: {fileID: 0}
  m_PrefabInstance: {fileID: 0}
  m_PrefabAsset: {fileID: 0}
  m_GameObject: {fileID: 0}
  m_Enabled: 1
  m_EditorHideFlags: 0
  m_Script: {fileID: 11500000, guid: 2d995644ca513f74dbfe1374bbe931e3, type: 3}
  m_Name: PrevItem
  m_EditorClassIdentifier: 
  m_value: {fileID: 0}
  m_contextType: 0
  m_parent: {fileID: 0}
